<?xml version="1.0" encoding="utf-8"?>
<record xmlns="http://www.loc.gov/MARC21/slim" xmlns:xsi="http://www.w3.org/2001/XMLSchema-instance" xsi:schemaLocation="http://www.loc.gov/MARC21/slim http://www.loc.gov/standards/marcxml/schema/MARC21slim.xsd">
	<leader>
		03160nam a2200409   4500
	</leader>
	<controlfield tag="001">
		719355
	</controlfield>
	<controlfield tag="003">
		NjP
	</controlfield>
	<controlfield tag="006">
		m        d        
	</controlfield>
	<controlfield tag="007">
		cr cn |||m|||a
	</controlfield>
	<controlfield tag="008">
		151222s1856    ir      o     000 0 ara d
	</controlfield>
	<datafield ind1=" " ind2=" " tag="040">
		<subfield code="a">
			NNU
		</subfield>
		<subfield code="b">
			eng
		</subfield>
		<subfield code="e">
			rda
		</subfield>
		<subfield code="c">
			NNU
		</subfield>
	</datafield>
	<datafield ind1="1" ind2=" " tag="100">
		<subfield code="6">
			880-01
		</subfield>
		<subfield code="a">
			Muṭarrizī, Nāṣir ibn ʻAbd al-Sayyid,
		</subfield>
		<subfield code="d">
			1144-1213.
		</subfield>
	</datafield>
	<datafield ind1="1" ind2="0" tag="240">
		<subfield code="6">
			880-02
		</subfield>
		<subfield code="a">
			Sharḥ laṭīf li-Abī al-Muẓaffar Nāṣir ibn al-Muṭarrizī ʻalá al-Maqāmāt allatī anshaʼahā al-Imām jamāl al-ʻaṣr Abī al-Qāsim ibn ʻAlī al-Ḥarīrī
		</subfield>
	</datafield>
	<datafield ind1="1" ind2="0" tag="245">
		<subfield code="6">
			880-03
		</subfield>
		<subfield code="a">
			Hādhā sharḥ laṭīf li-Abī al-Muẓaffar Nāṣir ibn al-Muṭarrizī ʻalá al-Maqāmāt allatī anshaʼahā al-Imām jamāl al-ʻaṣr Abī al-Qāsim ibn ʻAlī al-Ḥarīrī
		</subfield>
		<subfield code="h">
			[microform].
		</subfield>
	</datafield>
	<datafield ind1="3" ind2=" " tag="246">
		<subfield code="6">
			880-04
		</subfield>
		<subfield code="a">
			Sharḥ laṭīf li-Abī al-Muẓaffar Nāṣir ibn al-Muṭarrizī ʻalá al-Maqāmāt allatī anshaʼahā al-Imām jamāl al-ʻaṣr Abī al-Qāsim ibn ʻAlī al-Ḥarīrī
		</subfield>
	</datafield>
	<datafield ind1=" " ind2=" " tag="260">
		<subfield code="6">
			880-05
		</subfield>
		<subfield code="a">
			[Tehran?] :
		</subfield>
		<subfield code="b">
			[publisher not identified],
		</subfield>
		<subfield code="c">
			1272 [1856]
		</subfield>
	</datafield>
	<datafield ind1=" " ind2=" " tag="300">
		<subfield code="a">
			online resource (1 volume (unpaged))
		</subfield>
	</datafield>
	<datafield ind1=" " ind2=" " tag="336">
		<subfield code="a">
			text
		</subfield>
		<subfield code="2">
			rdacontent
		</subfield>
	</datafield>
	<datafield ind1=" " ind2=" " tag="337">
		<subfield code="a">
			computer
		</subfield>
		<subfield code="2">
			rdamedia
		</subfield>
	</datafield>
	<datafield ind1=" " ind2=" " tag="338">
		<subfield code="a">
			online resource
		</subfield>
		<subfield code="2">
			rdacarrier
		</subfield>
	</datafield>
	<datafield ind1=" " ind2=" " tag="500">
		<subfield code="a">
			Part of the Arabic Collections Online (ACO) project, contributed by Princeton University Libraries.
		</subfield>
	</datafield>
	<datafield ind1=" " ind2=" " tag="533">
		<subfield code="a">
			Electronic reproduction.
		</subfield>
		<subfield code="b">
			New York, N.Y. :
		</subfield>
		<subfield code="c">
			New York University,
		</subfield>
		<subfield code="d">
			2015.
		</subfield>
		<subfield code="5">
			NNU
		</subfield>
	</datafield>
	<datafield ind1="0" ind2="0" tag="600">
		<subfield code="6">
			880-06
		</subfield>
		<subfield code="a">
			Ḥarīrī,
		</subfield>
		<subfield code="d">
			1054-1122.
		</subfield>
		<subfield code="t">
			Maqāmāt.
		</subfield>
	</datafield>
	<datafield ind1="0" ind2="7" tag="630">
		<subfield code="a">
			Maqāmāt (Ḥarīrī)
		</subfield>
		<subfield code="2">
			fast
		</subfield>
		<subfield code="0">
			(OCoLC)fst01356801
		</subfield>
	</datafield>
	<datafield ind1="2" ind2=" " tag="710">
		<subfield code="a">
			Princeton University.
		</subfield>
		<subfield code="b">
			Library.
		</subfield>
	</datafield>
	<datafield ind1="0" ind2=" " tag="730">
		<subfield code="a">
			Arabic Collections Online.
		</subfield>
	</datafield>
	<datafield ind1="0" ind2="8" tag="776">
		<subfield code="i">
			Print version:
		</subfield>
		<subfield code="a">
			Muṭarrizī, Nāṣir ibn ʻAbd al-Sayyid, 1144-1213.
		</subfield>
		<subfield code="t">
			Hādhā sharḥ laṭīf li-Abī al-Muẓaffar Nāṣir ibn al-Muṭarrizī ʻalá al-Maqāmāt allatī anshaʼahā al-Imām jamāl al-ʻaṣr Abī al-Qāsim ibn ʻAlī al-Ḥarīrī
		</subfield>
		<subfield code="w">
			(NjP)719355
		</subfield>
		<subfield code="w">
			(OCoLC)25878222
		</subfield>
	</datafield>
	<datafield ind1=" " ind2="0" tag="830">
		<subfield code="a">
			Princeton University Arabic collection ;
		</subfield>
		<subfield code="v">
			cn. 9201119.01.
		</subfield>
	</datafield>
	<datafield ind1="4" ind2="0" tag="856">
		<subfield code="u">
			http://hdl.handle.net/2333.1/5hqbzpcc
		</subfield>
	</datafield>
	<datafield ind1="1" ind2=" " tag="880">
		<subfield code="6">
			100-01
		</subfield>
		<subfield code="a">
			مطرزي، ناصر بن عبد السيد،
		</subfield>
		<subfield code="d">
			1144-1213.
		</subfield>
	</datafield>
	<datafield ind1="1" ind2="0" tag="880">
		<subfield code="6">
			240-02
		</subfield>
		<subfield code="a">
			شرح لطيف لابي المظفر ناصر بن المطرزي على المقامات التي انشأها الامام جمال العصر ابي القاسم بن علي الحريري
		</subfield>
	</datafield>
	<datafield ind1="1" ind2="0" tag="880">
		<subfield code="6">
			245-03
		</subfield>
		<subfield code="a">
			هاذا شرح لطيف لابي المظفر ناصر بن المطرزي على المقامات التي انشأها الامام جمال العصر ابي القاسم بن علي الحريري
		</subfield>
		<subfield code="h">
			[مرفرم].
		</subfield>
	</datafield>
	<datafield ind1="3" ind2=" " tag="880">
		<subfield code="6">
			246-04
		</subfield>
		<subfield code="a">
			شرح لطيف لابي المظفر ناصر بن المطرزي على المقامات التي انشأها الامام جمال العصر ابي القاسم بن علي الحريري
		</subfield>
	</datafield>
	<datafield ind1=" " ind2=" " tag="880">
		<subfield code="6">
			260-05
		</subfield>
		<subfield code="a">
			[طهران؟] :
		</subfield>
		<subfield code="b">
			[publisher not identified],
		</subfield>
		<subfield code="c">
			1272 [1856]
		</subfield>
	</datafield>
	<datafield ind1="0" ind2="0" tag="880">
		<subfield code="6">
			600-06
		</subfield>
		<subfield code="a">
			حريري،
		</subfield>
		<subfield code="d">
			1054-1122.
		</subfield>
		<subfield code="t">
			مقامات.
		</subfield>
	</datafield>
	<datafield ind1=" " ind2=" " tag="959">
		<subfield code="a">
			NNU
		</subfield>
		<subfield code="b">
			WEB
		</subfield>
		<subfield code="c">
			GENI
		</subfield>
		<subfield code="t">
			0
		</subfield>
		<subfield code="m">
			Electronic access
		</subfield>
		<subfield code="s">
			01
		</subfield>
	</datafield>
	<datafield ind1=" " ind2=" " tag="999">
		<subfield code="i">
			NjP_719355
		</subfield>
		<subfield code="o">
			(OCoLC)ocm25878222
		</subfield>
		<subfield code="s">
			princeton_aco000087
		</subfield>
		<subfield code="e">
			(ERROR-880)(ERROR-MISC)
		</subfield>
		<subfield code="s">
			princeton_aco000087
		</subfield>
	</datafield>
</record>
